@misc{tdmethod,
title={Top Down Methodology for Software Performance Analysis},
url={https://software.intel.com/en-us/blogs/2011/05/04/top-down-methodology-for-software-performance-analysis},
journal={software.intel.com},
author={Hewett, Charlie},
year={2011}
},

@book{tourismstats,
place={Kathmandu},
title={Nepal Tourism Statistics 2018},
institution={Ministry of Culture, Tourism and Civil Aviation},
publisher={Ministry of Culture\, Tourism and Civil Aviation},
year={2019},
pages={81}
}

@misc{similarapps,
title={The Best Scavenger Hunt Apps and Ideas},
url={https://www.makeuseof.com/tag/scavenger-hunt-apps-ideas/},
journal={MakeUseOf},
author={Zhukova, Anya},
year={2019}
}

@article{gpsspoofmeasures,
  title={GPS spoofing countermeasures},
  author={Warner, Jon S and Johnston, Roger G},
  journal={Homeland Security Journal},
  volume={25},
  number={2},
  pages={19--27},
  year={2003}
}

@article{visitnepal,
title={Visit Nepal 2020: Promises vs Groundwork},
url={https://thehimalayantimes.com/business/perspectives/visit-nepal-2020-promises-vs-groundwork/},
author={The Himalayan Times},
year={2019}
}

@misc{himalayas,
title={Himalayas},
url={https://www.britannica.com/place/Himalayas},
journal={Encyclopedia Britannica},
year={2019}
}

@misc{trekkingroutes,
title={Best Trekking Routes in Nepal},
url={https://nepalecoadventure.com/blog/best-trekking-routes-in-nepal/},
journal={Nepal Eco Adventure},
year={2019}
}

@misc{protectedareas,
title={Protected Areas of Nepal},
url={https://en.wikipedia.org/wiki/Protected\_areas\_of\_Nepal},
journal={En.wikipedia.org},
year={2019}
}